<?xml version="1.0" encoding="UTF-8"?><record xmlns="http://www.loc.gov/MARC21/slim" xmlns:cinclude="http://apache.org/cocoon/include/1.0" xmlns:zs="http://www.loc.gov/zing/srw/">
  <leader>00378nz  a2200133n  4500</leader>
  <controlfield tag="001">no2011033546</controlfield>
  <controlfield tag="003">DLC</controlfield>
  <controlfield tag="005">20110304075512.0</controlfield>
  <controlfield tag="008">110302n| acannaabn          |n ana     c</controlfield>
  <datafield tag="010" ind1=" " ind2=" ">
    <subfield code="a">no2011033546</subfield>
  </datafield>
  <datafield tag="035" ind1=" " ind2=" ">
    <subfield code="a">(OCoLC)oca08784800</subfield>
  </datafield>
  <datafield tag="040" ind1=" " ind2=" ">
    <subfield code="a">ViBlbV</subfield>
    <subfield code="b">eng</subfield>
    <subfield code="c">ViBlbV</subfield>
  </datafield>
  <datafield tag="110" ind1="2" ind2=" ">
    <subfield code="a">First Wesleyan Church (Blacksburg, Va.)</subfield>
  </datafield>
  <datafield tag="670" ind1=" " ind2=" ">
    <subfield code="a">Cooking with style, c2008:</subfield>
    <subfield code="b">t.p. (First Wesleyan Church)</subfield>
  </datafield>
</record>